@misc{abntex2-wiki-como-customizar,
	Author = {abnTeX2},
	Date-Added = {2013-03-23 21:39:21 +0000},
	Date-Modified = {2013-03-23 21:44:20 +0000},
	Howpublished = {Wiki do abnTeX2},
	Keywords = {wiki},
	Title = {Como customizar o abnTeX2},
	Url = {https://code.google.com/p/abntex2/wiki/ComoCustomizar},
	Urlaccessdate = {23 mar. 2013},
	Year = {2013},
	Bdsk-Url-1 = {https://code.google.com/p/abntex2/wiki/ComoCustomizar}
	}